@book{numericaloptimization,
 author    = "Jorge Nocedal and Stephen J. Wright",
 title     = "Numerical Optimization",
 publisher = "Springer",
 year      = "1999",
 address   = "New York",
 edition   = "3"
}

@book{cbible,
 author    = "Brian W. Kernighan and Dennis M. Ritchie",
 title     = "The C Programming Language",
 publisher = "Prentice Hall PTR",
 year      = "1988",
 address   = "New Jersey",
 edition   = "2"
}

@article{mpc1,
 author    = "Carlos E. Garcia, David M. Prett and Morari Manfred",
 title     = "Model predictive control: theory and practise-a survey",
 journal   = "Journal Automatica (Journal of IFAC)",
 volume    = "25",
 number    = "3",
 pages     = "335-348",
 year      =  "1989",
 address   = "New York",
}

@conference{ir, 
 author    = "Martin Enqvist",
 title     = "Industriell reglerteknik: föreläsning 8",
 publisher = "Linköpings Universitet",
 pages     = "2",
 year      = "2015",
 url       = "http://www.control.isy.liu.se/student/tsrt07/lecture/lecture08ho.pdf"
}

@misc{saabimpact,
 author    = "Saab-AB",
 title     = "Climate Change Impacts",
 year      = "2015",
 url       = "http://saabgroup.com/responsibility/reduce-the-environmental-impact/reduce-the-climate-impact/"
}

@misc{reach,
 author    = "European-Chemicals-Agency",
 title     = "Understanding Reach",
 year      = "2015",
 url       = "http://echa.europa.eu/sv/regulations/reach/understanding-reach"
}

@misc{cleansky,
 author    = "Clean-Sky",
 title     = "About Clean Sky",
 year      = "2015",
 url       = "http://www.cleansky.eu/content/homepage/about-us"
}

@misc{security,
 author    = "Saab-AB",
 title     = "Increased Security",
 year      = "2015",
 url       = "http://saabgroup.com/responsibility/contr/products-contributing-towards-greater-security/"
}

@misc{saabbrief,
 author    = "Saab-AB",
 title     = "Saab in brief",
 year      = "2015",
 url       = "http://www.saabgroup.com/About-Saab/Company-profile/Saab-in-brief/"
}

@misc{semat,
 author    = "SEMAT",
 title     = "Essence in Practice - a Revolution in Software Engineering",
 year      = "2015",
 url       = "http://semat.org/"
}

@misc{lips,
 author    = "Tomas Svensson",
 title     = "Om Lips",
 year      = "2012",
 url       = "http://lips.isy.liu.se/"
}

% Rubens grejer
@inbook{SPQC,
  author = "Wagner, S",
  title = "Software Product Quality Control",
  chapter = "1",
  publisher = "Springer",
  year = "2013"
}

@misc{Sandahl,
  author = "Sandahl, K",
  title = "Software Reviews",
  year = "2015"
}

@manual{SFSR,
  title = "IEEE Standard for Software Reviews",
  journal = "IEEE Std. 1028-1997",
  year = "1997",
  publisher = "IEEE Std."
}

@book{Deming,
  Author = {W. Edwards Deming},
  Title = {Out of the Crisis},
  Publisher = {The MIT Press},
  Year = {2000},
  ISBN = {0262541157}
}

@misc{Vietze,
  Author = "Johannes Vietze",
  URL = "http://en.wikipedia.org/wiki/PDCA#/media/File:PDCA_Process.png",
  Year = {2015},
  Note = "[2015-05-01]"
}

@misc{Mindtools,
  Author = "Mindtools",
  URL = "http://www.mindtools.com/media/Diagrams/PDCA.jpg",
  Note = "[2015-05-02]"
}

@article{PDCA,
  title= "The benefits of PDCA",
  author= "Johnson, Corinne N",
  journal= "Quality Progress",
  volume= "35",
  number= "5",
  pages= "120",
  year= "2002"
}

% Adams grejer
@misc{OD,
 author    = "Oxford Dictionaries",
 title     = "best practice",
 year      = "2015",
 url	   = "http://www.oxforddictionaries.com/definition/english/best-practice",
 note	   = "[2015-05-05]"
}

@misc{itSMF,
 author    = "itSMF Sweden",
 title     = "Vad är Best Practice?",
 year      = "2012",
 url	   = "http://www.itsmf.se/public/show_bestpractice.asp",
 note	   = "[2015-05-06]"
}

@misc{BD,
 author    = "BusinessDictionary.com",
 title     = "team leader",
 year      = "2015",
 url	   = "http://www.businessdictionary.com/definition/team-leader.html",
 note	   = "[2015-05-06]"
}

@misc{KAC,
 author    = "Cherry, K. A.",
 title     = "Leadership styles",
 year      = "2006",
 url	   = "http://psychology.about.com/od/leadership/a/leadstyles.htm",
 note	   = "[2015-05-10]"
}

@book{EB,
  author    = "Bardach, Eugene", 
  title     = "A Practical Guide for Policy Analysis: The Eightfold Path to More Effective Problem Solving",
  publisher = "Thousand Oaks",
  year      = "2011",
  edition   = "4",
  isbn      = "9781608718429"
}

@article{b2003,
  title	    = "Creating compendia of “best practice”",
  author    = "Bardach, Eugene",
  journal   = "Journal of Policy Analysis and Management",
  volume    = "22",
  number    = "4",
  pages    = "661-665",
  year	    = "2003",
  publisher = "Wiley Online Library"
}