@inbook{SPQC,
  author = "Wagner, S",
  title = "Software Product Quality Control",
  chapter = "1",
  publisher = "Springer",
  year = "2013"
}

@misc{Sandahl,
  author = "Sandahl, K",
  title = "Software Quality Assurance",
  year = "2015"
}

@manual{SFSR,
  title = "Standard for Software Reviews",
  journal = "IEEE Std. 1028-1997",
  year = "1997"
}