@inbook{SPQC,
  author = "Wagner, S",
  title = "Software Product Quality Control",
  chapter = "1",
  publisher = "Springer",
  year = "2013"
}

@misc{Sandahl,
  author = "Sandahl, K",
  title = "Software Reviews",
  year = "2015"
}

@manual{SFSR,
  title = "IEEE Standard for Software Reviews",
  journal = "IEEE Std. 1028-1997",
  year = "1997"
  publisher = "IEEE Std."
}

@book{Deming,
  Author = {W. Edwards Deming},
  Title = {Out of the Crisis},
  Publisher = {The MIT Press},
  Year = {2000},
  ISBN = {0262541157},
  URL = {http://www.amazon.com/Out-Crisis-W-Edwards-Deming/dp/0262541157%3FSubscriptionId%3D0JYN1NVW651KCA56C102%26tag%3Dtechkie-20%26linkCode%3Dxm2%26camp%3D2025%26creative%3D165953%26creativeASIN%3D0262541157}
}

@misc{Vietze,
  Author = "Johannes Vietze"
  URL = {http://en.wikipedia.org/wiki/PDCA#/media/File:PDCA_Process.png}
  Year = {2015}
}

@misc{Mindtools,
  Author = "Mindtools"
  URL = {http://www.mindtools.com/media/Diagrams/PDCA.jpg}
  Note = {Accessed: 2015-05-02}

}

@misc{Wiki,
  Author = "PDCA, Wikipedia"
  URL = {http://en.wikipedia.org/wiki/PDCA}
  Note = {Accessed: 2015-05-02}
}
