@article{perry1992foundations,
  title="Foundations for the study of software architecture",
  author="Perry, Dewayne E and Wolf, Alexander L",
  journal="ACM SIGSOFT Software Engineering Notes",
  volume="17",
  number="4",
  pages="40--52",
  year="1992",
  publisher="ACM"
}

@incollection{van2003system,
  title="From system goals to software architecture",
  author="Van Lamsweerde, Axel",
  booktitle="Formal Methods for Software Architectures",
  pages="25--43",
  year="2003",
  publisher="Springer"
}

@misc{Wiki,
  Author = "Wikipedia"
  URL = "http://en.wikipedia.org/wiki/Software_architecture"
  Note = "Accessed: 2015-05-12"
}

@book{pfleeger2010software,
  title="Software engineering: theory and practice",
  author="Pfleeger, Shari Lawrence and Atlee, Joanne M",
  year="2010",
  publisher="Pearson Education India"
}