@ARTICLE{Vickrey1961,
AUTHOR = {W. Vickrey},
TITLE = {Counterspeculation, auctions and sealed tenders},
JOURNAL = {Journal of Finance},
YEAR = {1961},
volume = {16},
pages = {8--37},
} 

@ARTICLE{Strassen1969,
AUTHOR = {V. Strassen},
TITLE = {Gaussian Elimination is not Optimal },
JOURNAL = {Numer. Math.},
YEAR = {1969},
volume = {13},
pages = {354-356},
} 


@ARTICLE{Petkovic2013,
AUTHOR = {Marko D. Petković and Predrag S. Stanimirović},
TITLE = {Block recursive computation of geneeralized inverses },
JOURNAL = {Electronic journal of Linear Algebra},
YEAR = {2013},
volume = {26},
pages = {394-405},
} 


 
@BOOK{Golumbic2004,
AUTHOR = {M. C. Golumbic},
TITLE = {Algorithmic Graph Theory and Perfect Graphs},
PUBLISHER = {Elsevier Science},
YEAR = {2004},
edition = {2nd Edition},
}
